@article{stan,
  title={Stan: A probabilistic programming language},
  author={Carpenter, Bob and Gelman, Andrew and Hoffman, Matthew D and Lee, Daniel and Goodrich, Ben and Betancourt, Michael and Brubaker, Marcus and Guo, Jiqiang and Li, Peter and Riddell, Allen},
  journal={Journal of Statistical Software},
  volume={76},
  number={1},
  year={2017}
}

@Misc{rstan,
    title = {{RStan}: the {R} interface to {Stan}},
    author = {{Stan Development Team}},
    note = {R package version 2.21.1},
    year = {2020},
    url = {http://mc-stan.org/},
}

@article{aFC,
author = {Mohammadi, Pejman and Castel, Stephane E. and Brown, Andrew A. and Lappalainen, Tuuli}, 
title = {Quantifying the regulatory effect size of cis-acting genetic variation using allelic fold change},
volume = {27}, 
number = {11}, 
pages = {1872-1884}, 
year = {2017}, 
doi = {10.1101/gr.216747.116}, 
journal = {Genome Research} 
}

@article{ACME,
author = {Palowitch, John and Shabalin, Andrey and Zhou, Yi-Hui and Nobel, Andrew B. and Wright, Fred A.},
title = {Estimation of cis-eQTL effect sizes using a log of linear model},
journal = {Biometrics},
volume = {74},
number = {2},
pages = {616-625},
keywords = {eQTL analyses, EQTL effect size, Multiple testing, Nonlinear regression},
doi = {10.1111/biom.12810},
year = {2018}
}
